@article{nakamoto2008bitcoin,
  title={Bitcoin whitepaper},
  author={Nakamoto, Satoshi},
  journal={URL: https://bitcoin. org/bitcoin. pdf-(: 17.07. 2019)},
  year={2008}
}

@mastersthesis{holme2020secure,
  title={Secure Distributed Computing Managed by Blockchain},
  author={Holme, J{\o}rgen},
  year={2020},
  school={University of Stavanger, Norway}
}

@mastersthesis{akbarAli,
title={System for Workflow Design and Execution on Data Shared Between Untrusting Organizations for Analytics
},
author={Ali Akbar Rehman},
year={2022},
month={6},
school={University of Stavanger, Norway}
}

 @mastersthesis{wikipedia_2022, title={List of data breaches}, url={https://en.wikipedia.org/wiki/List_of_data_breaches}, journal={Wikipedia}, publisher={Wikimedia Foundation}, year={2022}, month={Jan}} 
 
 @article{malinova2018tokenomics,
  title={Tokenomics: when tokens beat equity},
  author={Malinova, Katya and Park, Andreas},
  journal={Available at SSRN 3286825},
  year={2018}
}

@article{szabo1997formalizing,
  title={Formalizing and securing relationships on public networks},
  author={Szabo, Nick},
  journal={First monday},
  year={1997}
}

@misc{OwnestNF21:online,
author = {},
title = {Ownest | NFT Month - History of NFTs},
howpublished = {\url{https://ownest.io/en/news/history-of-nfts}},
year = {2021},
note = {(Accessed on 05/10/2022)}
}

@inproceedings{nizamuddin2018ipfs,
  title={IPFS-blockchain-based authenticity of online publications},
  author={Nizamuddin, Nishara and Hasan, Haya R and Salah, Khaled},
  booktitle={International Conference on Blockchain},
  pages={199--212},
  year={2018},
  organization={Springer}
}

@misc{benet2014ipfs,
  title={Ipfs-content addressed, versioned, p2p file system},
  author={Benet, Juan},
  journal={arXiv preprint arXiv:1407.3561},
  howpublished = {\url{https://ipfs.io/ipfs/QmR7GSQM93Cx5eAg6a6yRzNde1FQv7uL6X1o4k7zrJa3LX/ipfs.draft3.pdf}},
  year={2014}
}

@misc{Ethereum30:online,
author = {Vitalik Buterin},
title = {Ethereum: A Next-Generation Smart Contract and Decentralized Application Platform.},
howpublished = {\url{https://ethereum.org/669c9e2e2027310b6b3cdce6e1c52962/Ethereum_Whitepaper_-_Buterin_2014.pdf}},
month = {},
year = {2014},
note = {(Accessed on 05/11/2022)}
}

@misc{ERCEther92:online,
author = {Vitalik Buterin, Ethereum Foundation},
title = {ERC | Ethereum Improvement Proposals},
howpublished = {\url{https://eips.ethereum.org/erc}},
month = {},
year = {2019},
note = {(Accessed on 05/14/2022)}
}

@misc{EIP721No48:online,
author = {William Entriken et al.},
title = {EIP-721: Non-Fungible Token Standard},
howpublished = {\url{https://eips.ethereum.org/EIPS/eip-721}},
month = {01},
year = {2018},
note = {(Accessed on 05/24/2022)}
}

@misc{EIP20Tok46:online,
author = {Fabian Vogelsteller, Vitalik Buterin},
title = {EIP-20: Token Standard},
howpublished = {\url{https://eips.ethereum.org/EIPS/eip-20}},
month = {11},
year = {2015},
note = {(Accessed on 05/14/2022)}
}


@misc{EIP1155M92:online,
author = {	Witek Radomski Andrew Cooke et al.},
title = {EIP-1155: Multi Token Standard},
howpublished = {\url{https://eips.ethereum.org/EIPS/eip-1155}},
month = {06},
year = {2018},
note = {(Accessed on 05/14/2022)}
}


@misc{EIP721No36:online,
author = {	William Entriken et al.},
title = {EIP-721: Non-Fungible Token Standard},
howpublished = {\url{https://eips.ethereum.org/EIPS/eip-721}},
month = {01},
year = {2018},
note = {(Accessed on 05/14/2022)}
}

@misc{HyperledgerFabric:online,
author = {Hyperlerdger},
title = {A Blockchain Platform for the Enterprise — hyperledger-fabricdocs main documentation},
howpublished = {\url{https://hyperledger-fabric.readthedocs.io/en/release-2.2/}},
month = {},
year = {2022},
note = {(Accessed on 05/14/2022)}
}


@misc{SolidityEthereum:online,
author = {Ethereum Foundation},
title = {Introduction to Smart Contracts — Solidity 0.8.13 documentation},
howpublished = {\url{https://docs.soliditylang.org/en/v0.8.13/introduction-to-smart-contracts.html}},
month = {},
year = {2022},
note = {(Accessed on 05/14/2022)}
}

@misc{HyperledgerFoundation:online,
author = {Hyperledger Foundation},
title = {Hyperledger – Open Source Blockchain Technologies},
howpublished = {\url{https://www.hyperledger.org/}},
month = {},
year = {2022},
note = {(Accessed on 05/14/2022)}
}

@misc{NFTTimel33:online,
author = {},
title = {NFT Timeline},
howpublished = {\url{https://nfttimeline.com/#2011}},
month = {},
year = {},
note = {(Accessed on 05/15/2022)}
}

@misc{TheHisto62:online,
author = {Andrew Steinwold},
title = {The History of Non-Fungible Tokens (NFTs) | by Andrew Steinwold | Medium},
howpublished = {\url{https://medium.com/@Andrew.Steinwold/the-history-of-non-fungible-tokens-nfts-f362ca57ae10}},
month = {10},
year = {2019},
note = {(Accessed on 05/15/2022)}
}

@article{bamakan2021decentralized,
  title={A Decentralized Framework for Patents and Intellectual Property as NFT in Blockchain Networks},
  author={Bamakan, Seyed Mojtaba Hosseini and Nezhadsistani, Nasim and Bodaghi, Omid and Qu, Qiang},
  year={2021}
}

@inproceedings{hong2019design,
  title={Design of extensible non-fungible token model in hyperledger fabric},
  author={Hong, Sangwon and Noh, Yoongdoo and Park, Chanik},
  booktitle={Proceedings of the 3rd Workshop on Scalable and Resilient Infrastructures for Distributed Ledgers},
  pages={1--2},
  year={2019}
}


@misc{BlockchainConsensus:online,
author = {Daily Bit},
title = {9 Types of Consensus Mechanisms That You Didn’t Know About},
howpublished = {\url{https://medium.com/the-daily-bit/9-types-of-consensus-mechanisms-that-you-didnt-know-about-49ec365179da}},
month = {04},
year = {2018},
note = {(Accessed on 05/15/2022)}
}

@misc{10DataBreaches:online,
author = {Wickr},
title = {10 Data Breach Statistics for 2021 - Wickr},
howpublished = {\url{https://wickr.com/10-data-breach-statistics-for-2021/}},
month = {},
year = {2021},
note = {(Accessed on 05/16/2022)}
}

@misc{Nordicco81:online,
author = {Gerard O'Dwye},
title = {Nordic companies targeted in wave of cyber attacks},
howpublished = {\url{https://www.computerweekly.com/news/252511965/Nordic-companies-targeted-in-wave-of-cyber-attacks}},
month = {01},
year = {2022},
note = {(Accessed on 05/16/2022)}
}

@misc{Statista:online,
author = {Statista},
title = {The Countries With The Most GDPR Data Breaches | Statista},
howpublished = {\url{https://www.statista.com/chart/20566/personal-data-breaches-notified-per-eea-jurisdiction/}},
month = {01},
year = {2020},
note = {(Accessed on 05/16/2022)}
}


@misc{WorldDataBreach:online,
author={David McCandless},
title = {World’s Biggest Data Breaches \& Hacks — Information is Beautiful},
howpublished = {\url{https://www.informationisbeautiful.net/visualizations/worlds-biggest-data-breaches-hacks/}},
month = {10},
year = {2021},
note = {(Accessed on 05/17/2022)}
}


%
@INPROCEEDINGS{9027313,  author={Kumar, Randhir and Marchang, Ningrinla and Tripathi, Rakesh},  booktitle={2020 International Conference on COMmunication Systems   NETworkS (COMSNETS)},   title={Distributed Off-Chain Storage of Patient Diagnostic Reports in Healthcare System Using IPFS and Blockchain},   year={2020},  volume={},  number={},  pages={1-5},  doi={10.1109/COMSNETS48256.2020.9027313}}

@article{CHEN2021102771,
title = {Blockchain-Enabled healthcare system for detection of diabetes},
journal = {Journal of Information Security and Applications},
volume = {58},
pages = {102771},
year = {2021},
issn = {2214-2126},
doi = {https://doi.org/10.1016/j.jisa.2021.102771},
url = {https://www.sciencedirect.com/science/article/pii/S221421262100020X},
author = {Mengji Chen and Taj Malook and Ateeq Ur Rehman and Yar Muhammad and Mohammad Dahman Alshehri and Aamir Akbar and Muhammad Bilal and Muazzam A. Khan}}


@article{kumar2021decentralized,
  title={Decentralized secure storage of medical records using Blockchain and IPFS: A comparative analysis with future directions},
  author={Kumar, Shivansh and Bharti, Aman Kumar and Amin, Ruhul},
  journal={Security and Privacy},
  volume={4},
  number={5},
  pages={e162},
  year={2021},
  publisher={Wiley Online Library}
}

@INPROCEEDINGS{9162738,  author={Gupta, Rajesh and Shukla, Arpit and Mehta, Parimal and Bhattacharya, Pronaya and Tanwar, Sudeep and Tyagi, Sudhanshu and Kumar, Neeraj},  booktitle={IEEE INFOCOM 2020 - IEEE Conference on Computer Communications Workshops (INFOCOM WKSHPS)},   title={VAHAK: A Blockchain-based Outdoor Delivery Scheme using UAV for Healthcare 4.0 Services},   year={2020},  volume={},  number={},  pages={255-260},  doi={10.1109/INFOCOMWKSHPS50562.2020.9162738}}

@INPROCEEDINGS{8865388,  author={Ni, Weiquan and Huang, Xumin and Zhang, Junxing and Yu, Rong},  booktitle={2019 Chinese Control Conference (CCC)},   title={HealChain: A Decentralized Data Management System for Mobile Healthcare Using Consortium Blockchain},   year={2019},  volume={},  number={},  pages={6333-6338},  doi={10.23919/ChiCC.2019.8865388}}


@INPROCEEDINGS{9066212,  author={Reen, Gaganjeet Singh and Mohandas, Manasi and Venkatesan, S.},  booktitle={2019 IEEE Conference on Information and Communication Technology},   title={Decentralized Patient Centric e- Health Record Management System using Blockchain and IPFS},   year={2019},  volume={},  number={},  pages={1-7},  doi={10.1109/CICT48419.2019.9066212}}


@INPROCEEDINGS{9759580,  author={Kayastha, Mahesh and Karim, Shakir and Sandu, Raj and Gide, Ergun},  booktitle={2021 19th International Conference on Information Technology Based Higher Education and Training (ITHET)},   title={Ethereum Blockchain and Inter-Planetary File System (IPFS) based Application Model to Record and Share Patient Health Information: An Exemplary Case Study for e-Health Education in Nepal},   year={2021},  volume={},  number={},  pages={1-7},  doi={10.1109/ITHET50392.2021.9759580}}

@article{bamakan2022patents,
  title={Patents and intellectual property assets as non-fungible tokens; key technologies and challenges},
  author={Bamakan, Seyed Mojtaba Hosseini and Nezhadsistani, Nasim and Bodaghi, Omid and Qu, Qiang},
  journal={Scientific Reports},
  volume={12},
  number={1},
  pages={1--13},
  year={2022},
  publisher={Nature Publishing Group}
}


@article{nizamuddin2021blockchain,
  title={Blockchain for automotive: An insight towards the IPFS blockchain-based auto insurance sector.},
  author={Nizamuddin, Nishara and Abugabah, Ahed},
  journal={International Journal of Electrical \& Computer Engineering (2088-8708)},
  volume={11},
  number={3},
  year={2021}
}

@inproceedings{agyekum2019digital,
  title={Digital media copyright and content protection using IPFS and blockchain},
  author={Agyekum, Kwame Opuni-Boachie Obour and Xia, Qi and Liu, Yansong and Pu, Hong and Cobblah, Christian Nii Aflah and Kusi, Goodlet Akwasi and Yang, Hanlin and Gao, Jianbin},
  booktitle={International Conference on Image and Graphics},
  pages={266--277},
  year={2019},
  organization={Springer}
}


@ARTICLE{9240966,  author={Battah, Ammar Ayman and Madine, Mohammad Moussa and Alzaabi, Hamad and Yaqoob, Ibrar and Salah, Khaled and Jayaraman, Raja},  journal={IEEE Access},   title={Blockchain-Based Multi-Party Authorization for Accessing IPFS Encrypted Data},   year={2020},  volume={8},  number={},  pages={196813-196825},  doi={10.1109/ACCESS.2020.3034260}}


@INPROCEEDINGS{8591029,  author={Kalis, Rosco and Belloum, Adam},  booktitle={2018 IEEE International Conference on Cloud Computing Technology and Science (CloudCom)},   title={Validating Data Integrity with Blockchain},   year={2018},  volume={},  number={},  pages={272-277},  doi={10.1109/CloudCom2018.2018.00060}}


@article{demirel2021smart,
  title={Smart contracts in tourism industry: a model with blockchain integration for post pandemic economy},
  author={Demirel, Engin and Karag{\"o}z Zeren, Seda and Hakan, Kemal},
  journal={Current Issues in Tourism},
  pages={1--15},
  year={2021},
  publisher={Taylor and Francis}
  }
  @ARTICLE{8718621,  
  title={Blockchain-Based Soybean Traceability in Agricultural Supply Chain},
  author={Salah, Khaled and Nizamuddin, Nishara and Jayaraman, Raja and Omar, Mohammad},  
  year={2019},
  volume={7},
  number={},
  pages={73295-73305},
  doi={10.1109/ACCESS.2019.2918000},
  journal={IEEE Access}
  }
  
@misc{ERC721No30,
author = {superphiz},
title = {ERC-721 Non-Fungible Token Standard | ethereum.org},
howpublished = {\url{https://ethereum.org/en/developers/docs/standards/tokens/erc-721/}},
month = {},
year = {},
note = {(Accessed on 06/14/2022)}
}